<?xml version="1.0" encoding="UTF-8"?><collection><record><leader>05249ntm a2200601 a 4500</leader><controlfield tag="001">006802988</controlfield><controlfield tag="003">MiAaHDL</controlfield><controlfield tag="005">20190719000000.0</controlfield><controlfield tag="006">m        d        </controlfield><controlfield tag="007">cr bn ---auaua</controlfield><controlfield tag="008">090526m17601769xx            00| ||ara d</controlfield><datafield tag="035" ind1=" " ind2=" "><subfield code="a">(MiU)006802988</subfield></datafield><datafield tag="035" ind1=" " ind2=" "><subfield code="a">sdr-miu006802988</subfield></datafield><datafield tag="040" ind1=" " ind2=" "><subfield code="a">MiU</subfield><subfield code="c">MiU</subfield><subfield code="e">amremm</subfield></datafield><datafield tag="043" ind1=" " ind2=" "><subfield code="a">n-us-mi</subfield></datafield><datafield tag="245" ind1="0" ind2="0"><subfield code="6">880-03</subfield><subfield code="a">[Risālah fī al-tasmiyah wa-al-taḥmīd wa-al-taṣliyah ... etc.,</subfield><subfield code="f">1174, i.e. 1760 or 61 and 1182, i.e. 1768 or 9].</subfield></datafield><datafield tag="260" ind1=" " ind2=" "><subfield code="c">[1760-1769].</subfield></datafield><datafield tag="300" ind1=" " ind2=" "><subfield code="a">40 leaves :</subfield><subfield code="b">paper ;</subfield><subfield code="c">238 x 147 mm.</subfield></datafield><datafield tag="500" ind1=" " ind2=" "><subfield code="a">Shelfmark: Ann Arbor, University of Michigan, Special Collections Library, Isl. Ms. 254</subfield></datafield><datafield tag="500" ind1=" " ind2=" "><subfield code="a">Origin: As appears on p.53, transcription of Risālat Dārandawī completed in 1174 [1760 or 61]. As appears on p.82, transcription of Risālat al-istiʻārah completed in 1182 [1768 or 9]. Opening work likely copied around the same time by the same copyist.</subfield></datafield><datafield tag="500" ind1=" " ind2=" "><subfield code="a">Former shelfmark: "339 T. D. M. [i.e. Tammaro De Marinis]" inscribed in pencil on verso of front flyleaf ; "28" inscribed in pencil on ’title page’ (p.3).</subfield></datafield><datafield tag="500" ind1=" " ind2=" "><subfield code="a">Binding: Pasteboards covered in red leather ; Type II binding (with flap) ; board linings in yellow-tinted laid paper and hinges in a paper printed with floral designs in red on white ; upper and lower covers bear blind-stamped (over black leather recessed onlays), gold-painted mandorla (filled with symmetrical vegetal composition, only slightly reminiscent of Déroche OAi2 3) and pendants along with tooled and gold-painted border ; sewn in pink thread, two stations ; endbands mostly gone, traces of primaries and core only ; overall in fair condition with minor staining, abrasion, lifting of leather at fore edge flap, etc.</subfield></datafield><datafield tag="500" ind1=" " ind2=" "><subfield code="a">Support: European laid paper with 13 laid lines per cm. (vertical), chain lines spaced 20 mm. apart horizontal, and watermark of "B | GM" under crest or crown (see p.10, 16, etc.) ; quite well-burnished to glossy, cream in color, sturdy though fairly thin and transluscent.</subfield></datafield><datafield tag="500" ind1=" " ind2=" "><subfield code="a">Decoration: Keywords, section headings, abbreviation symbols (mainly two-teeth stroke), etc. rubricated ; overlining in red ; textual dividers in the form of red discs ; written area surrounded by frame consisting of heavy gold band flanked by black fillets.</subfield></datafield><datafield tag="500" ind1=" " ind2=" "><subfield code="a">Script: Naskh ; fine Ottoman hand ; partially though inconsistently seriffed and quite rounded with slight effect of tilt to the left, adheres to baseline, point of final nūn often assimilated with bowl, pointing (for two and three dots) mainly in strokes or conjoined dots.</subfield></datafield><datafield tag="500" ind1=" " ind2=" "><subfield code="a">Layout: Written mainly in 19 lines per page ; frame-ruled.</subfield></datafield><datafield tag="500" ind1=" " ind2=" "><subfield code="a">Collation: i, 4 V(40), i ; exclusively quinions ; catchwords present ; pagination in pencil, Western numerals, supplied during digitization (includes flyleaves).</subfield></datafield><datafield tag="500" ind1=" " ind2=" "><subfield code="a">Colophon:</subfield></datafield><datafield tag="500" ind1=" " ind2=" "><subfield code="a">Title supplied by cataloguer.</subfield></datafield><datafield tag="500" ind1=" " ind2=" "><subfield code="a">Ms. codex.</subfield></datafield><datafield tag="505" ind1="0" ind2=" "><subfield code="a">4. p.54-p.82 : Risālat al-istiʻārah / Abū al-Nāfiʻ Aḥmad ibn Muḥammad al-Qāzābādī.</subfield></datafield><datafield tag="505" ind1="0" ind2=" "><subfield code="a">3. p.44-p.53 : [Risālat Dārandawī fī al-basmalah] / Dârendevi Hamza Efendi [?].</subfield></datafield><datafield tag="505" ind1="0" ind2=" "><subfield code="a">2. p.42-p.43 : [blank].</subfield></datafield><datafield tag="505" ind1="0" ind2=" "><subfield code="a">1. p.4-p.41 : [Risālah fī al-tasmiyah wa-al-taḥmīd wa-al-taṣliyah].</subfield></datafield><datafield tag="520" ind1="8" ind2=" "><subfield code="a">Fine copy of three brief treatises, first a treatise on the tasmiyah, taḥmīd and taṣliyah, followed by a treatise on the basmalah by Darendevi [Darendeli] Hamza Efendi (d. 1753), followed by a treatise on rhetoric by Abū al-Nāfiʻ Aḥmad ibn Muḥammad ibn Isḥāq al-Qāzābādī (d.1749).</subfield></datafield><datafield tag="538" ind1=" " ind2=" "><subfield code="a">Mode of access: Internet.</subfield></datafield><datafield tag="541" ind1=" " ind2=" "><subfield code="c">Purchase ;</subfield><subfield code="a">Acquired by purchase (funds donated by Horace Rackham).</subfield><subfield code="d">1924.</subfield></datafield><datafield tag="546" ind1=" " ind2=" "><subfield code="a">Arabic.</subfield></datafield><datafield tag="561" ind1=" " ind2=" "><subfield code="a">Ownership statement accompanied by oval seal impression on recto of front flyleaf (p.1) ; inscriptions in pencil on verso of front flyleaf (p.2) "339 T. D. M. [i.e. Tammaro De Marinis]" and 'title page' (p.3) "28" ; marginal glosses (mainly منهيات).</subfield></datafield><datafield tag="650" ind1=" " ind2="0"><subfield code="a">Manuscripts, Arabic</subfield><subfield code="z">Michigan</subfield><subfield code="z">Ann Arbor.</subfield></datafield><datafield tag="650" ind1=" " ind2="0"><subfield code="a">Basmalah</subfield><subfield code="v">Early works to 1800.</subfield></datafield><datafield tag="650" ind1=" " ind2="0"><subfield code="a">Arabic language</subfield><subfield code="x">Rhetoric</subfield><subfield code="v">Early works to 1800.</subfield></datafield><datafield tag="700" ind1="0" ind2=" "><subfield code="a">Abdülhamid</subfield><subfield code="b">II,</subfield><subfield code="c">Sultan of the Turks,</subfield><subfield code="d">1842-1918,</subfield><subfield code="e">former owner.</subfield></datafield><datafield tag="700" ind1="1" ind2=" "><subfield code="6">880-07</subfield><subfield code="a">Qāzābādī, Aḥmad ibn Muḥammad.</subfield><subfield code="t">Risālat al-istiʻārah.</subfield></datafield><datafield tag="700" ind1="0" ind2=" "><subfield code="6">880-05</subfield><subfield code="a">Darendevi Hamza Efendi,</subfield><subfield code="d">d. 1753.</subfield><subfield code="t">Risālat Dārandawī fī al-basmalah.</subfield></datafield><datafield tag="740" ind1="0" ind2="2"><subfield code="6">880-06</subfield><subfield code="a">Risale-yi Darendevi</subfield></datafield><datafield tag="740" ind1="0" ind2="2"><subfield code="6">880-04</subfield><subfield code="a">Risālah fī al-tasmiyah wa-al-taḥmīd wa-al-taṣliyah.</subfield></datafield><datafield tag="773" ind1="0" ind2=" "><subfield code="a">Abdul Hamid Collection.</subfield></datafield><datafield tag="880" ind1="1" ind2=" "><subfield code="6">700-07/</subfield><subfield code="a">قازابادي، احمد بن محمد.</subfield><subfield code="t">رسالة الاستعارة.</subfield></datafield><datafield tag="880" ind1="0" ind2="2"><subfield code="6">740-06/</subfield><subfield code="a">رسالۀ دارندوى</subfield></datafield><datafield tag="880" ind1="0" ind2=" "><subfield code="6">700-05/</subfield><subfield code="a">دارندوى حمزه افندى.</subfield><subfield code="t">رسالة دارندوي في البسملة.</subfield></datafield><datafield tag="880" ind1="0" ind2="2"><subfield code="6">740-04/</subfield><subfield code="a">رسالة في التسمية والتحميد والتصلية.</subfield></datafield><datafield tag="880" ind1="0" ind2="0"><subfield code="6">245-03/</subfield><subfield code="a">[رسالة في التسمية والتحميد والتصلية ... الخ,</subfield><subfield code="f">1174ه، 1760 أو 1761م و 1182ه، 1768 أو 1769م].</subfield></datafield><datafield tag="CID" ind1=" " ind2=" "><subfield code="a">006802988</subfield></datafield><datafield tag="DAT" ind1="0" ind2=" "><subfield code="a">20190719102636.0</subfield><subfield code="b">20190719000000.0</subfield></datafield><datafield tag="DAT" ind1="1" ind2=" "><subfield code="a">20190719090653.0</subfield><subfield code="b">2019-07-19T16:11:36Z</subfield></datafield><datafield tag="DAT" ind1="2" ind2=" "><subfield code="a">2015-10-02T18:00:03Z</subfield></datafield><datafield tag="CAT" ind1=" " ind2=" "><subfield code="a">SDR-MIU</subfield><subfield code="d">EX LIBRIS - ALEPH</subfield><subfield code="l">prepare.pl-004-008</subfield></datafield><datafield tag="FMT" ind1=" " ind2=" "><subfield code="a">BK</subfield></datafield><datafield tag="HOL" ind1=" " ind2=" "><subfield code="0">sdr-miu006802988</subfield><subfield code="a">MiU</subfield><subfield code="b">SDR</subfield><subfield code="c">MIU</subfield><subfield code="p">mdp.39015079126804</subfield><subfield code="s">MIU</subfield><subfield code="1">006802988</subfield></datafield><datafield tag="974" ind1=" " ind2=" "><subfield code="b">MIU</subfield><subfield code="c">MIU</subfield><subfield code="d">20190719</subfield><subfield code="s">lit-dlps-dc</subfield><subfield code="u">mdp.39015079126804</subfield><subfield code="y">1769</subfield><subfield code="r">pd</subfield><subfield code="q">bib</subfield><subfield code="t">non-US bib date2, date type m &lt; 1896</subfield></datafield></record></collection>